@article{scikit-learn,
 title={Scikit-learn: Machine Learning in {P}ython},
 author={Pedregosa, F. and Varoquaux, G. and Gramfort, A. and Michel, V.
         and Thirion, B. and Grisel, O. and Blondel, M. and Prettenhofer, P.
         and Weiss, R. and Dubourg, V. and Vanderplas, J. and Passos, A. and
         Cournapeau, D. and Brucher, M. and Perrot, M. and Duchesnay, E.},
 journal={Journal of Machine Learning Research},
 volume={12},
 pages={2825--2830},
 year={2011}
}

@conference{Kluyver:2016aa,
	Author = {Thomas Kluyver and Benjamin Ragan-Kelley and Fernando P{\'e}rez and Brian Granger and Matthias Bussonnier and Jonathan Frederic and Kyle Kelley and Jessica Hamrick and Jason Grout and Sylvain Corlay and Paul Ivanov and Dami{\'a}n Avila and Safia Abdalla and Carol Willing},
	Booktitle = {Positioning and Power in Academic Publishing: Players, Agents and Agendas},
	Editor = {F. Loizides and B. Schmidt},
	Organization = {IOS Press},
	Pages = {87 - 90},
	Title = {Jupyter Notebooks -- a publishing format for reproducible computational workflows},
	Year = {2016}}

@inproceedings{sklearn_api,
  author    = {Lars Buitinck and Gilles Louppe and Mathieu Blondel and
               Fabian Pedregosa and Andreas Mueller and Olivier Grisel and
               Vlad Niculae and Peter Prettenhofer and Alexandre Gramfort
               and Jaques Grobler and Robert Layton and Jake VanderPlas and
               Arnaud Joly and Brian Holt and Ga{\"{e}}l Varoquaux},
  title     = {{API} design for machine learning software: experiences from the scikit-learn
               project},
  booktitle = {ECML PKDD Workshop: Languages for Data Mining and Machine Learning},
  year      = {2013},
  pages = {108--122},
}

@Misc{numpy,
  author =    {Oliphant, Travis E},
  title =     {A guide to NumPy},
  year =      {2006},
  url = "http://www.scipy.org/",
  note = {[Online; accessed <today>]},
  urlaccessdate={31 out. 2018}
}

@article{pandas-article,
author = {Mckinney, Wes},
year = {2011},
pages = {},
title = {Pandas: a Foundational Python Library for Data Analysis and Statistics},
booktitle = {Python High Performance Science Computer}
}

@Article{matplotlib,
  Author    = {Hunter, J. D.},
  Title     = {Matplotlib: A 2D graphics environment},
  Journal   = {Computing In Science \& Engineering},
  Volume    = {9},
  Number    = {3},
  Pages     = {90--95},
  abstract  = {Matplotlib is a 2D graphics package used for Python
  for application development, interactive scripting, and
  publication-quality image generation across user
  interfaces and operating systems.},
  publisher = {IEEE COMPUTER SOC},
  doi       = {10.1109/MCSE.2007.55},
  year      = 2007
}

@Article{breiman2001,
author="Breiman, Leo",
title="Random Forests",
journal="Machine Learning",
year="2001",
volume="45",
number="1",
pages="5--32",
issn="1573-0565",
doi="10.1023/A:1010933404324",
url="https://doi.org/10.1023/A:1010933404324",
urlaccessdate={31 out. 2018}
}

@book{James:2014:ISL:2517747,
 author = {James, Gareth and Witten, Daniela and Hastie, Trevor and Tibshirani, Robert},
 title = {An Introduction to Statistical Learning: With Applications in R},
 year = {2014},
 isbn = {1461471370, 9781461471370},
 publisher = {Springer Publishing Company, Incorporated},
} 

@article{zhang2004optimality,
  title={The optimality of naive Bayes},
  author={Zhang, Harry},
  volume={1},
  number={2},
  pages={3},
  year={2004}
}

@INPROCEEDINGS{Metsis06spamfiltering,
    author = {Vangelis Metsis and et al.},
    title = {Spam Filtering with Naive Bayes -- Which Naive Bayes?},
    booktitle = {THIRD CONFERENCE ON EMAIL AND ANTI-SPAM (CEAS},
    year = {2006},
    publisher = {}
}

@article{harrington2012machine,
  title={Machine learning in action},
  author={Harrington, Peter},
  journal={Shelter Island, NY: Manning Publications Co},
  year={2012}
}

@article{cortes1995support,
  title={Support-vector networks},
  author={Cortes, Corinna and Vapnik, Vladimir},
  journal={Machine learning},
  volume={20},
  number={3},
  pages={273--297},
  year={1995},
  publisher={Springer}
}

@article{jordan2004kernel,
  title={The kernel trick},
  author={Jordan, Michael I and Thibaux, Romain},
  journal={Lecture Notes},
  year={2004}
}

@article{kim2013everything,
  title={Everything you wanted to know about the kernel trick},
  author={Kim, Eric},
  journal={URl: http://www. eric-kim. net/eric-kim-net/posts/1/kernel\_ trick. html},
  year={2013},
  urlaccessdate={31 out. 2018}
}

@article{FREUND1997119,
title = "A Decision-Theoretic Generalization of On-Line Learning and an Application to Boosting",
journal = "Journal of Computer and System Sciences",
volume = "55",
number = "1",
pages = "119 - 139",
year = "1997",
issn = "0022-0000",
doi = "https://doi.org/10.1006/jcss.1997.1504",
url = "http://www.sciencedirect.com/science/article/pii/S002200009791504X",
author = "Yoav Freund and Robert E Schapire",
urlaccessdate={31 out. 2018}
}

@article{rojas2009adaboost,
  title={AdaBoost and the super bowl of classifiers a tutorial introduction to adaptive boosting},
  author={Rojas, Ra{\'u}l},
  journal={Freie University, Berlin, Tech. Rep},
  year={2009}
}

@book{muller2017introduction,
  title={Introduction to Machine Learning with Python: A Guide for Data Scientists},
  author={M{\"u}ller, A.C. and Guido, S.},
  isbn={9781449369408},
  url={https://books.google.com.br/books?id=q5pnAQAACAAJ},
  year={2017},
  publisher={O'Reilly Media, Incorporated},
  urlaccessdate={1 nov. 2018}
}

@article{van2010process,
  title={Process mining: a two-step approach to balance between underfitting and overfitting},
  author={Van der Aalst, Wil MP and Rubin, Vladimir and Verbeek, HMW and van Dongen, Boudewijn F and Kindler, Ekkart and G{\"u}nther, Christian W},
  journal={Software \& Systems Modeling},
  volume={9},
  number={1},
  pages={87},
  year={2010},
  publisher={Springer}
}

@conference{12d2f5d1eba245f7bc2acc7487941bd7,
title = "Machine learning for identifying botnet network traffic",
author = "Matija Stevanovic and Pedersen, {Jens Myrup}",
year = "2013",
language = "English",
}

@inproceedings{almgren2010tracking,
  title={Tracking malicious hosts on a 10gbps backbone link},
  author={Almgren, Magnus and John, Wolfgang},
  booktitle={Nordic Conference on Secure IT Systems},
  pages={104--120},
  year={2010},
  organization={Springer}
}

@inproceedings{beigi2014towards,
  title={Towards effective feature selection in machine learning-based botnet detection approaches},
  author={Beigi, Elaheh Biglar and Jazi, Hossein Hadian and Stakhanova, Natalia and Ghorbani, Ali A},
  booktitle={Communications and Network Security (CNS), 2014 IEEE Conference on},
  pages={247--255},
  year={2014},
  organization={IEEE}
}

@inproceedings{yap2014application,
  title={An application of oversampling, undersampling, bagging and boosting in handling imbalanced datasets},
  author={Yap, Bee Wah and Rani, Khatijahhusna Abd and Rahman, Hezlin Aryani Abd and Fong, Simon and Khairudin, Zuraida and Abdullah, Nik Nik},
  booktitle={Proceedings of the First International Conference on Advanced Data and Information Engineering (DaEng-2013)},
  pages={13--22},
  year={2014},
  organization={Springer}
}

@article{lorena2007introduccao,
  title={Uma introdu{\c{c}}{\~a}o {\`a}s support vector machines},
  author={Lorena, Ana Carolina and de Carvalho, Andr{\'e} CPLF},
  journal={Revista de Inform{\'a}tica Te{\'o}rica e Aplicada},
  volume={14},
  number={2},
  pages={43--67},
  year={2007}
}

@inproceedings{livadas2006usilng,
  title={Usilng machine learning technliques to identify botnet traffic},
  author={Livadas, Carl and Walsh, Robert and Lapsley, David and Strayer, W Timothy},
  booktitle={Local Computer Networks, Proceedings 2006 31st IEEE Conference on},
  pages={967--974},
  year={2006},
  organization={IEEE}
}

@incollection{strayer2008botnet,
  title={Botnet detection based on network behavior},
  author={Strayer, W Timothy and Lapsely, David and Walsh, Robert and Livadas, Carl},
  booktitle={Botnet detection},
  pages={1--24},
  year={2008},
  publisher={Springer}
}

@inproceedings{masud2008flow,
  title={Flow-based identification of botnet traffic by mining multiple log files},
  author={Masud, Mohammad M and Al-Khateeb, Tahseen and Khan, Latifur and Thuraisingham, Bhavani and Hamlen, Kevin W},
  booktitle={Distributed Framework and Applications, 2008. DFmA 2008. First International Conference on},
  pages={200--206},
  year={2008},
  organization={IEEE}
}

@inproceedings{ganapathi2009predicting,
  title={Predicting multiple metrics for queries: Better decisions enabled by machine learning},
  author={Ganapathi, Archana and Kuno, Harumi and Dayal, Umeshwar and Wiener, Janet L and Fox, Armando and Jordan, Michael and Patterson, David},
  booktitle={Data Engineering, 2009. ICDE'09. IEEE 25th International Conference on},
  pages={592--603},
  year={2009},
  organization={IEEE}
}

@inproceedings{flach2003geometry,
  title={The geometry of ROC space: understanding machine learning metrics through ROC isometrics},
  author={Flach, Peter A},
  booktitle={Proceedings of the 20th International Conference on Machine Learning (ICML-03)},
  pages={194--201},
  year={2003}
}

@article{bergstra2012random,
  title={Random search for hyper-parameter optimization},
  author={Bergstra, James and Bengio, Yoshua},
  journal={Journal of Machine Learning Research},
  volume={13},
  number={Feb},
  pages={281--305},
  year={2012}
}

@misc{unbdataset,
 title   ={Botnet dataset},
 url     ={http://www.unb.ca/cic/datasets/botnet.html},
 organization={University of New Brunswick},
 urlaccessdate={27 set. 2018},
 year = {2018}
}

@inproceedings{leonard2009framework,
  title={A framework for understanding botnets},
  author={Leonard, Justin and Xu, Shouhuai and Sandhu, Ravi},
  booktitle={Availability, Reliability and Security, 2009. ARES'09. International Conference on},
  pages={917--922},
  year={2009},
  organization={IEEE}
}

@inproceedings{miller2016role,
  title={The role of machine learning in botnet detection},
  author={Miller, Sean and Busby-Earle, Curtis},
  booktitle={Internet Technology and Secured Transactions (ICITST), 2016 11th International Conference for},
  pages={359--364},
  year={2016},
  organization={IEEE}
}

@inproceedings{jang2009analysis,
  title={Analysis of HTTP2P botnet: case study waledac},
  author={Jang, Dae-il and Kim, Minsoo and Jung, Hyun-chul and Noh, Bong-Nam},
  booktitle={Communications (MICC), 2009 IEEE 9th Malaysia International conference on},
  pages={409--412},
  year={2009},
  organization={IEEE}
}

@inproceedings{feily2009survey,
  title={A survey of botnet and botnet detection},
  author={Feily, Maryam and Shahrestani, Alireza and Ramadass, Sureswaran},
  booktitle={Emerging Security Information, Systems and Technologies, 2009. SECURWARE'09. Third International Conference on},
  pages={268--273},
  year={2009},
  organization={IEEE}
}

@techreport{oikarinen1993internet,
  title={Internet relay chat protocol},
  author={Oikarinen, Jarkko and Reed, Darren},
  year={1993}
}

@inproceedings{abu2006multifaceted,
  title={A multifaceted approach to understanding the botnet phenomenon},
  author={Abu Rajab, Moheeb and Zarfoss, Jay and Monrose, Fabian and Terzis, Andreas},
  booktitle={Proceedings of the 6th ACM SIGCOMM conference on Internet measurement},
  pages={41--52},
  year={2006},
  organization={ACM}
}

@article{imagembotnets,
author = {Miller, Sean and Busby-Earle, Curtis},
year = {2016},
pages = {474-485},
title = {The Impact of Different Botnet Flow Feature Subsets on Prediction Accuracy Using Supervised and Unsupervised Learning Methods},
volume = {5},
booktitle = {Journal of Internet Technology and Secured Transactions}
}

@inproceedings{lu2008botnets,
  title={Botnets detection based on irc-community},
  author={Lu, Wei and Ghorbani, Ali A},
  booktitle={Global Telecommunications Conference, 2008. IEEE GLOBECOM 2008. IEEE},
  pages={1--5},
  year={2008},
  organization={Citeseer}
}

@inproceedings{asha2016analysis,
  title={Analysis on botnet detection techniques},
  author={Asha, S and Harsha, T and Soniya, B},
  booktitle={Research Advances in Integrated Navigation Systems (RAINS), International Conference on},
  pages={1--4},
  year={2016},
  organization={IEEE}
}

@inproceedings{kambourakis2017mirai,
  title={The Mirai botnet and the IoT Zombie Armies},
  author={Kambourakis, Georgios and Kolias, Constantinos and Stavrou, Angelos},
  booktitle={Military Communications Conference (MILCOM), MILCOM 2017-2017 IEEE},
  pages={267--272},
  year={2017},
  organization={IEEE}
}

@article{ianelli2005botnets,
  title={Botnets as a vehicle for online crime},
  author={Ianelli, Nicholas and Hackworth, Aaron},
  journal={CERT Coordination Center},
  volume={1},
  number={1},
  pages={28},
  year={2005}
}

@misc{flowtbag,
  author = {Daniel Arndt},
  title = {Flowtbag},
  year = {2011},
  publisher = {GitHub},
  journal = {GitHub repository},
  howpublished = {\url{https://github.com/DanielArndt/flowtbag}},
  commit = {e322e4a401418f044ddae1d79c50bdf52aa65fa0},
  urlaccessdate={31 out. 2018}
}

@article{adaboost,
author = {Marsh, Brendan},
year = {2016},
pages = {},
title = {Multivariate Analysis of the Vector Boson Fusion Higgs Boson}
}

@misc{rfimagem,
 title   ={Random Forest Simple Explanation},
 url     ={https://medium.com/@williamkoehrsen/random-forest-simple-explanation-377895a60d2d},
 organization={Medium},
 year={2017},
 urlaccessdate={27 set. 2018}
}

@article{matriz,
author = {Andreoni, Martin},
year = {2014},
title = {AN INTRUSION DETECTION AND PREVENTION ARCHITECTURE FOR SOFTWARE DEFINED NETWORKING}
}

@inproceedings{mliot, 
author={R. Doshi and N. Apthorpe and N. Feamster}, 
booktitle={2018 IEEE Security and Privacy Workshops (SPW)}, 
title={Machine Learning DDoS Detection for Consumer Internet of Things Devices}, 
year={2018}, 
volume={}, 
number={}, 
pages={29-35}, 
keywords={computer network security;Internet;Internet of Things;invasive software;learning (artificial intelligence);neural nets;critical Internet infrastructure;consumer IoT attack traffic;IoT network traffic;machine learning algorithms;neural networks;network middleboxes;DDoS attacks;DDoS detection;Consumer Internet of Things Devices;distributed denial of service attacks;consumer IoT devices;Anomaly detection;Computer crime;Internet of Things;Botnet;Middleboxes;Machine learning;Internet of Things;Anomaly Detection;DDoS;Machine Learning;Feature Engineering}, 
doi={10.1109/SPW.2018.00013}, 
ISSN={}}

@INPROCEEDINGS{logregbot, 
author={R. Bapat and A. Mandya and X. Liu and B. Abraham and D. E. Brown and H. Kang and M. Veeraraghavan}, 
booktitle={2018 Systems and Information Engineering Design Symposium (SIEDS)}, 
title={Identifying malicious botnet traffic using logistic regression}, 
year={2018}, 
volume={}, 
number={}, 
pages={266-271}, 
keywords={Internet;invasive software;learning (artificial intelligence);regression analysis;security of data;identifying malicious botnet traffic;cyber-attacks;botnet malware;vulnerable devices;significant economic harm;social harm;botnet infestation;intrusion detection system;statistical learning method;network security;botnet detection;botnet activity;network traffic;lightweight logistic regression model;popular network monitoring framework;aggregate statistics;Botnet;Logistics;Malware;Hidden Markov models;Feature extraction;Telecommunication traffic;Payloads;Botnet Detection;Cyber Security;Logistic Regression;Machine Learning}, 
doi={10.1109/SIEDS.2018.8374749}, 
ISSN={}}

@INPROCEEDINGS{rna1, 
author={S. Chen and Y. Chen and W. Tzeng}, 
booktitle={2018 17th IEEE International Conference On Trust, Security And Privacy In Computing And Communications/ 12th IEEE International Conference On Big Data Science And Engineering (TrustCom/BigDataSE)}, 
title={Effective Botnet Detection Through Neural Networks on Convolutional Features}, 
year={2018}, 
volume={}, 
number={}, 
pages={372-378}, 
keywords={computer crime;computer network security;convolution;feedforward neural nets;Internet;invasive software;learning (artificial intelligence);peer-to-peer computing;telecommunication traffic;convolutional features;DDoS attacks;machine learning;botnet detection system;feed-forward artificial neural network;botnet detection;network traffic classification;cybercrimes;Internet;P2P botnet datasets;Botnet;Feature extraction;Neural networks;Payloads;Servers;IP networks;Training;botnet detection, machine learning, convolutional neural networks}, 
doi={10.1109/TrustCom/BigDataSE.2018.00062}, 
ISSN={2324-9013}}

@INPROCEEDINGS{rna2, 
author={V. Kant and E. M. Singh and N. Ojha}, 
booktitle={2017 International Conference on Intelligent Computing and Control Systems (ICICCS)}, 
title={An efficient flow based botnet classification using convolution neural network}, 
year={2017}, 
volume={}, 
number={}, 
pages={941-946}, 
keywords={convolution;feedforward neural nets;invasive software;learning (artificial intelligence);pattern classification;worms;rootkits;Trojan;botnet family;botnet writing;machine learning approaches;botnet location;system stream measurements;Open Flow counters;deep learning approach;convolution network;botnet classification;convolution neural network;control correspondence channel;Feature extraction;Training;Computer crime;Control systems;Malware;Command and control systems;Botnet;Convolution Neural Network;Support Vector Machine}, 
doi={10.1109/ICCONS.2017.8250603}, 
ISSN={}}

@INPROCEEDINGS{iscx1, 
author={Y. M. Mahardhika and A. Sudarsono and A. R. Barakbah}, 
booktitle={2017 International Electronics Symposium on Knowledge Creation and Intelligent Computing (IES-KCIC)}, 
title={An implementation of Botnet dataset to predict accuracy based on network flow model}, 
year={2017}, 
volume={}, 
number={}, 
pages={33-39}, 
keywords={computer crime;computer network security;feature extraction;Internet;invasive software;IP networks;learning (artificial intelligence);telecommunication traffic;unsolicited e-mail;user consent;botnet detection;machine learning method;feature selection approach;dataset feature;content;botnet behavior;dummy dataset;extractor tool;features extractor;connection logs;source port;Botnet dataset;network flow model;malicious software;malicious activities;Distributed Denial;key logging;click fraud;personal information;data model;time 50.0 ms;IP;K;F;Feature extraction;Data mining;Training data;Protocols;Ports (Computers);Data models;botnet;malicious software;dataset;network flow;connection log;k-fold validation;accuracy}, 
doi={10.1109/KCIC.2017.8228455}, 
ISSN={}}

@INPROCEEDINGS{featureselection, 
author={F. V. Alejandre and N. C. Cortés and E. A. Anaya}, 
booktitle={2017 International Conference on Electronics, Communications and Computers (CONIELECOMP)}, 
title={Feature selection to detect botnets using machine learning algorithms}, 
year={2017}, 
volume={}, 
number={}, 
pages={1-7}, 
keywords={command and control systems;feature selection;genetic algorithms;invasive software;learning (artificial intelligence);pattern classification;feature selection;botnet detection;command and control;C&C;feature evaluation;genetic algorithm;machine learning;ISOT repositories;ISCX repositories;C4.5 algorithm;Feature extraction;Genetic algorithms;Machine learning algorithms;Training;Testing;Servers;Proposals;Malware Detection;Botnet;Feature Selection;Machine Learning}, 
doi={10.1109/CONIELECOMP.2017.7891834}, 
ISSN={2474-9044}}